<record><leader>00000cas a2200000 a 4500</leader><controlfield tag="001">25735807</controlfield><controlfield tag="007">hd afu---bucu</controlfield><controlfield tag="007">hd bfu---bubu</controlfield><controlfield tag="008">920429d18191820ohuwr nea     0    0eng c</controlfield><datafield ind1=" " ind2=" " tag="010"><subfield code="a">  2013252364</subfield></datafield><datafield ind1=" " ind2=" " tag="040"><subfield code="a">EXW</subfield><subfield code="b">eng</subfield><subfield code="c">EXW</subfield><subfield code="d">OCL</subfield><subfield code="d">OCLCQ</subfield><subfield code="d">WAU</subfield><subfield code="d">OCLCF</subfield></datafield><datafield ind1=" " ind2=" " tag="042"><subfield code="a">pcc</subfield></datafield><datafield ind1="0" ind2="0" tag="245"><subfield code="a">Western spy, and Cincinnati general advertiser</subfield><subfield code="h">[microform].</subfield></datafield><datafield ind1=" " ind2=" " tag="260"><subfield code="a">Cincinnati, Ohio :</subfield><subfield code="b">[J.M. Mason &amp; T. Palmer],</subfield><subfield code="c">1819-1820.</subfield></datafield><datafield ind1=" " ind2=" " tag="300"><subfield code="a">3 v. :</subfield><subfield code="b">ill. (chiefly advertisements) ;</subfield><subfield code="c">54 cm.</subfield></datafield><datafield ind1=" " ind2=" " tag="310"><subfield code="a">Weekly</subfield></datafield><datafield ind1=" " ind2=" " tag="336"><subfield code="a">text</subfield><subfield code="b">txt</subfield><subfield code="2">rdacontent</subfield></datafield><datafield ind1=" " ind2=" " tag="337"><subfield code="a">microform</subfield><subfield code="b">h</subfield><subfield code="2">rdamedia</subfield></datafield><datafield ind1=" " ind2=" " tag="338"><subfield code="a">microfilm reel</subfield><subfield code="b">hd</subfield><subfield code="2">rdacarrier</subfield></datafield><datafield ind1="1" ind2=" " tag="362"><subfield code="a">Began with: New ser., v. 5, no. 241 (Jan. 16, 1819); ceased with: new ser., v. 7, no. 307 (Apr. 22, 1820).</subfield></datafield><datafield ind1=" " ind2=" " tag="500"><subfield code="a">"Supplement to the Cincinnati general advertiser" published Feb. 2, 1819 with the vol. and numbering of the previous (Jan. 30)--issue; "Supplement to the Western spy" published Apr. 3, 1819 in conjunction with and with the numbering of the regular issue.</subfield></datafield><datafield ind1=" " ind2=" " tag="515"><subfield code="a">Vols. also carry whole numbering no. 443-509.</subfield></datafield><datafield ind1=" " ind2=" " tag="525"><subfield code="a">Has occasional supplements.</subfield></datafield><datafield ind1=" " ind2=" " tag="533"><subfield code="a">Microfilm.</subfield><subfield code="b">Columbus, Ohio :</subfield><subfield code="c">Filmed by Metropolitan Microfilming Co. for The Historical and Philosophical Society of Ohio,</subfield><subfield code="e">microfilm reels ; 35 mm. ; negative.</subfield><subfield code="n">Filmed with: Western spy, and Hamilton gazette; Western spy, and Miami gazette; Western spy; and: Western spy, and literary cadet.</subfield></datafield><datafield ind1=" " ind2=" " tag="588"><subfield code="a">Description based on: New ser., v. 5, no. 241 (Jan. 16, 1819); title from masthead.</subfield></datafield><datafield ind1=" " ind2=" " tag="588"><subfield code="a">Latest issue consulted: New ser., v. 7, no. 307 (Apr. 22, 1820).</subfield></datafield><datafield ind1=" " ind2="0" tag="651"><subfield code="a">Cincinnati (Ohio)</subfield><subfield code="v">Newspapers.</subfield></datafield><datafield ind1=" " ind2="0" tag="651"><subfield code="a">Hamilton County (Ohio)</subfield><subfield code="v">Newspapers.</subfield></datafield><datafield ind1=" " ind2="7" tag="655"><subfield code="a">Newspapers.</subfield><subfield code="2">fast</subfield><subfield code="0">(OCoLC)fst01423814</subfield></datafield><datafield ind1=" " ind2="7" tag="651"><subfield code="a">Ohio</subfield><subfield code="z">Cincinnati.</subfield><subfield code="2">fast</subfield><subfield code="0">(OCoLC)fst01205142</subfield></datafield><datafield ind1=" " ind2="7" tag="651"><subfield code="a">Ohio</subfield><subfield code="z">Hamilton County.</subfield><subfield code="2">fast</subfield><subfield code="0">(OCoLC)fst01205597</subfield></datafield><datafield ind1="1" ind2=" " tag="700"><subfield code="a">Mason, James M.</subfield></datafield><datafield ind1="1" ind2=" " tag="700"><subfield code="a">Palmer, Thomas,</subfield><subfield code="d">1776-1846.</subfield></datafield><datafield ind1="2" ind2=" " tag="710"><subfield code="a">Historical and Philosophical Society of Ohio.</subfield></datafield><datafield ind1=" " ind2=" " tag="752"><subfield code="a">United States</subfield><subfield code="b">Ohio</subfield><subfield code="c">Hamilton</subfield><subfield code="d">Cincinnati.</subfield></datafield><datafield ind1="1" ind2=" " tag="776"><subfield code="t">Western spy, and Cincinnati general advertiser</subfield><subfield code="w">(DLC)sn 83035060</subfield><subfield code="w">(OCoLC)9391321</subfield></datafield><datafield ind1="0" ind2="0" tag="780"><subfield code="t">Western spy (Cincinnati, Ohio : 1810)</subfield><subfield code="w">(DLC)  2013252363</subfield><subfield code="w">(OCoLC)39851780</subfield></datafield><datafield ind1="0" ind2="0" tag="785"><subfield code="t">Western spy, and literary cadet (Cincinnati, Ohio : 1820)</subfield><subfield code="w">(DLC)  2013252365</subfield><subfield code="w">(OCoLC)25735909</subfield></datafield></record>